%% This BibTeX bibliography file was created using BibDesk.
%% http://bibdesk.sourceforge.net/


%% Created for Adam Loy at 2012-06-26 09:55:05 -0500 


%% Saved with string encoding Unicode (UTF-8) 

@article{Albers:2011cy,
	Author = {Albers, C J and Critchley, F and Gower, J C},
	Journal = {Journal of Multivariate Analysis},
	Month = mar,
	Number = {3},
	Pages = {714--722},
	Title = {Applications of quadratic minimisation problems in statistics},
	Volume = {102},
	Year = {2011}}

@article{Albers:2011hb,
	Author = {Albers, C J and Critchley, F and Gower, J C},
	Journal = {Journal of Multivariate Analysis},
	Month = mar,
	Number = {3},
	Pages = {698--713},
	Title = {Quadratic minimisation problems in statistics},
	Volume = {102},
	Year = {2011}}

@article{Albers:2007vi,
	Author = {Albers, C J and Critchley, F and Gower, J C},
	Title = {Explicit minimisation of a convex quadratic under a general quadratic constraint},
	Year = {2007}}
	
@article{Banerjee:1997wo,
	author = {Banerjee, Mousumi and Frees, Edward},
	title = {Influence Diagnostics for Linear Longitudinal Models},
	journal = {Journal of the American Statistical Association},
	year = {1997},
	volume = {92},
	number = {439},
	pages = {999--1005}
	}
	
@article{Beckman:1987vl,
	author = {Beckman, RJ and Nachtsheim, CJ and Cook, RD},
	title = {Diagnostics for mixed-model analysis of variance},
	journal = {Technometrics},
	year = {1987},
	volume = {29},
	number = {4},
	pages = {413--426}
	}

@book{Raudenbush:2002,
	title = {Hierarchical Linear Models: Applications and Data Analysis Methods},
	author = {Raudenbush, Stephen W. and Bryk, Anthony S.},
	year = {2002},
	edition = {2nd},
	publisher = {Sage},
	address = {Thousand Oaks}}

@article{Buja:2009hp,
	author = {Buja, A and Cook, D and Hofmann, H and Lawrence, M and Lee, E K and Swayne, D F and Wickham, H},
	title = {Statistical inference for exploratory data analysis and model diagnostics},
	journal = {Philosophical Transactions of the Royal Society A: Mathematical, Physical and Engineering Sciences},
	year = {2009},
	volume = {367},
	number = {1906},
	pages = {4361--4383}}

	
@article{Butler:1992tx,
	author = {Butler, S.M. and Louis, T.A.},
	title = {Random effects models with non-parametric priors},
	journal = {Statistics in Medicine},
	year = {1992},
	volume = {11},
	number = {14-15},
	pages = {1981--2000}
	}

@article{Calvin:1991ui,
	author = {Calvin, James A and Sedransk, J},
	title = {Bayesian and Frequentist Predictive Inference for the Patterns of Care Studies},
	journal = {Journal of the American Statistical Association},
	year = {1991},
	volume = {86},
	number = {413},
	pages = {36--48}}

@article{Christensen:1992vu,
	author = {Christensen, R and Pearson, LM and Johnson, W},
	title = {Case-deletion diagnostics for mixed models},
	journal = {Technometrics},
	year = {1992},
	volume = {34},
	number = {1},
	pages = {38--45}
	}

@book{Cook:1999,
	Address = {New York},
	Author = {R. Dennis Cook and Sanford Weisberg},
	Publisher = {Wiley},
	Title = {Applied Regression Including Computing and Graphics},
	Year = {1999}}

@article{Demidenko:2005wa,
	author = {Demidenko, Eugene and Stukel, Therese A},
	title = {Influence analysis for linear mixed-effects models},
	journal = {Statistics in Medicine},
	year = {2005},
	volume = {24},
	number = {6},
	pages = {893--909}
	}

@article{Dempster:1985tr,
	author = {Dempster, A P and Ryan, Louise M},
	title = {Weighted Normal Plots},
	journal = {Journal of the American Statistical Association},
	year = {1985},
	volume = {80},
	number = {392},
	pages = {845--850}
	}
	
@article{Eberly:2005ee,
	author = {Eberly, Lynn E and Thackeray, Lisa M},
	title = {On {L}ange and {R}yan's plotting technique for diagnosing non-normality of random effects},
	journal = {Statistics {\&} Probability Letters},
	year = {2005},
	volume = {75},
	number = {2},
	pages = {77--85}
	}

@article{Gelman:2006ue,
	author = {Gelman, Andrew and Pardoe, Iain},
	title = {Bayesian Measures of Explained Variance and Pooling in Multilevel (Hierarchical) Models},
	journal = {Technometrics},
	year = {2006},
	volume = {48},
	number = {2},
	pages = {241--251}}

@book{GelmanHill:2007,
	Author = {Gelman, Andrew and Hill, Jennifer},
	Publisher = {Cambridge University Press},
	Title = {Data Analysis Using Regression and Multilevel/Hierarchical Models},
	Year = {2007},
	Address = {New York}
	}

@article{Gelman:2004gg,
	author = {Gelman, Andrew},
	title = {Exploratory Data Analysis for Complex Models},
	journal = {Journal of Computational and Graphical Statistics},
	year = {2004},
	volume = {13},
	number = {4},
	pages = {755--779}}


	
@book{Gentle:2007,
	Address = {New York},
	Author = {James E. Gentle},
	Date-Added = {2012-06-26 09:18:22 -0500},
	Date-Modified = {2012-06-26 09:55:05 -0500},
	Publisher = {Springer},
	Title = {Matrix Algebra: Theory, Computations, and Applications in Statistics},
	Year = {2007}}

@article{Ghidey:2004id,
	author = {Ghidey, Wendimagegn and Lesaffre, Emmanuel and Eilers, Paul},
	title = {Smooth random effects distribution in a linear mixed model},
	journal = {Biometrics},
	year = {2004},
	volume = {60},
	number = {4},
	pages = {945--953}}

@article{Ghidey:2010de,
	author = {Ghidey, Wendimagegn and Lesaffre, Emmanuel and Verbeke, Geert},
	title = {A comparison of methods for estimating the random effects distribution of a linear mixed model},
	journal = {Statistical Methods in Medical Research},
	year = {2010},
	volume = {19},
	number = {6},
	pages = {575--600}}

@book{Goldstein:2003,
	year = {2003},
	author = {Goldstein, Harvey},
	title = {Multilevel Statistical Models},
	edition = {3rd},
	address = {London},
	publisher = {Edward Arnold}}

@article{Haslett:2007vv,
	Author = {Haslett, J and Haslett, S.J.},
	Journal = {International Statistical Review},
	Number = {1},
	Pages = {1--24},
	Title = {The three basic types of residuals for a linear model},
	Volume = {75},
	Year = {2007}}

@article{Haslett:1998wj,
	Author = {Haslett, J and Hayes, K},
	Journal = {Journal of the Royal Statistical Society, Series B},
	Number = {1},
	Pages = {201--215},
	Title = {Residuals for the linear model with general covariance structure},
	Volume = {60},
	Year = {1998}}

@phdthesis{HildenMinton:1995wh,
	Author = {Hilden-Minton, James Andrew},
	School = {University of California Los Angeles},
	Title = {Multilevel diagnostics for mixed and hierarchical linear models},
	Year = {1995}}
	
@book{Davison:1997,
	Author = {Davison, A. C. and Hinkley, D. V.},
	Publisher = {Cambridge University Press},
	Title = {Bootstrap methods and their application},
	Year = {1997},
	Address = {Cambridge}}


@book{Hedeker:2006,
  title={Longitudinal data analysis},
  author={Hedeker, Donald and Gibbons, Robert D},
  volume={451},
  year={2006},
  publisher={Wiley-Interscience}}

@article{Houseman:2004gq,
	Author = {Houseman, E Andr{\'e}s and Ryan, Louise M and Coull, Brent A},
	Journal = {Journal of the American Statistical Association},
	Month = jun,
	Number = {466},
	Pages = {383--394},
	Title = {Cholesky Residuals for Assessing Normal Errors in a Linear Model With Correlated Outcomes},
	Volume = {99},
	Year = {2004}}
	
@article{Jiang:2001up,
	author = {Jiang, Jiming},
	title = {Goodness-of-fit tests for mixed model diagnostics},
	journal = {The Annals of Statistics},
	year = {2001},
	volume = {29},
	number = {4},
	pages = {1137--1164}
	}

@article{Jiang:1998vt,
	author = {Jiang, Jiming},
	title = {Asymptotic properties of the empirical {BLUP} and {BLUE} in mixed linear models},
	journal = {Statistica Sinica},
	year = {1998},
	volume = {8},
	pages = {861--886}}
	
@book{Kreft:1998,
  title={Introducing multilevel modeling},
  author={Kreft, I. and de Leeuw, J.},
  year={1998},
  publisher={Sage},
  address={London}}

@article{Laird:1982ta,
	Author = {Laird, Nan M and Ware, James H},
	Journal = {Biometrics},
	Month = dec,
	Number = {4},
	Pages = {963--974},
	Title = {Random-Effects Models for Longitudinal Data},
	Volume = {38},
	Year = {1982}}

@article{Lange:1989uu,
	Author = {Lange, N and Ryan, L},
	Journal = {The Annals of Statistics},
	Number = {2},
	Pages = {624--642},
	Title = {Assessing normality in random effects models},
	Volume = {17},
	Year = {1989}}
	
@incollection{VanderLeeden:2008,
	year={2008},
	isbn={978-0-387-73183-4},
	booktitle={Handbook of Multilevel Analysis},
	editor={de Leeuw, Jan and Meijer, Erik},
	doi={10.1007/978-0-387-73186-5_11},
	title={Resampling Multilevel Models},
	publisher={Springer New York},
	author={Van der Leeden, Rien and Meijer, Erik and Busing, Frank M.T.A.},
	pages={401-433}}

@article{deLeeuw:1982to,
	Author = {de Leeuw, Jan},
	Journal = {Psychometrika},
	Number = {1},
	Pages = {87--93},
	Title = {Generalized eigenvalue problems with positive semi-definite matrices},
	Volume = {47},
	Year = {1982}}
	
@article{Lesaffre:1998ub,
	author = {Lesaffre, E and Verbeke, G},
	title = {Local influence in linear mixed models},
	journal = {Biometrics},
	year = {1998},
	volume = {54},
	number = {2},
	pages = {570--582}
	}

@article{Longford:2001wy,
	author = {Longford, Nicholas T.},
	title = {Simulation-based diagnostics in random-coefficient models},
	journal = {Journal of the Royal Statistical Society, Series A},
	year = {2001},
	volume = {164},
	number = {2},
	pages = {259--273}}

@article{Longford:1998,
	Author = {Nicholas T. Longford},
	Journal = {Journal of the Royal Statistical Society, Series A},
	Number = {2},
	Pages = {154--155},
	Title = {Discussion on `{O}utliers in Multilevel Data' (by {I.H. Langford and T. Lewis})},
	Volume = {161},
	Year = {1998}}

@article{McDonald:1979ca,
	Author = {McDonald, Roderick P. and Torii, Yukihiko and Nishisato, Shizuhiko},
	Journal = {Psychometrika},
	Number = {2},
	Pages = {211--227},
	Title = {Some results on proper eigenvalues and eigenvectors with applications to scaling},
	Volume = {44},
	Year = {1979}}

@article{Morrell:2000ve,
	author = {Morrell, C.H. and Brant, L.J.},
	title = {{Lines in random effects plots from the linear mixed-effects model}},
	journal = {American Statistician},
	year = {2000},
	pages = {1--4}}

@article{Nobre:2007ej,
	Author = {Nobre, Juvencio Santos and Singer, Julio da Motta},
	Journal = {Biometrical Journal},
	Number = {6},
	Pages = {863--875},
	Title = {Residual analysis for linear mixed models},
	Volume = {49},
	Year = {2007}}

@book{Pinhiero:2000vf,
	Address = {New York},
	Author = {Jose C Pinheiro and Douglas M Bates},
	Publisher = {Springer-Verlag},
	Title = {Mixed-Effects Models in S and S-PLUS},
	Year = {2000}}

@article{Price:1996uj,
	author = {Price, P N and Nero, A V and Gelman, A},
	title = {Bayesian prediction of mean indoor radon concentrations for {Minnesota} counties},
	journal = {Health Physics},
	year = {1996}
	}

@article{Reisby:1977,
	year={1977},
	journal={Psychopharmacology},
	volume={54},
	issue={3},
	doi={10.1007/BF00426574},
	title={Imipramine: Clinical effects and pharmacokinetic variability},
	publisher={Springer-Verlag},
	author={Reisby, Niels and Gram, LarsF. and Bech, Per and Nagy, Adam and Petersen, GormOdden and Ortmann, Jørgen and Ibsen, Ilse and Dencker, SvenJ. and Jacobsen, Ove and Krautwald, Ole and Søndergaard, Ib and Christiansen, Johannes},
	pages={263-272}}

@article{Shen:1999gd,
	author = {Shen, Wei and Louis, Thomas A},
	title = {Empirical Bayes Estimation via the Smoothing by Roughening Approach},
	journal = {Journal of Computational and Graphical Statistics},
	year = {1999},
	volume = {8},
	number = {4},
	pages = {800--823}}

@article{Verbeke:1996va,
	author = {Verbeke, Geert and Lesaffre, Emmanuel},
	title = {A linear mixed-effects model with heterogeneity in the random-effects population},
	journal = {Journal of the American Statistical Association},
	year = {1996},
	volume = {91},
	number = {433},
	pages = {217--221}}

@article{Verbeke:1997tf,
	author = {Verbeke, G and Lesaffre, E},
	title = {{The effect of misspecifying the random-effects distribution in linear mixed models for longitudinal data}},
	journal = {Computational Statistics {\&} Data Analysis},
	year = {1997},
	volume = {23},
	number = {4},
	pages = {541--556}}

@book{Verbeke:2000fh,
	address = {New York},
	author = {Verbeke, Geert and Molenberghs, Geert},
	title = {{Linear Mixed Models for Longitudinal Data}},
	year = {2000},
	publisher = {Springer}}

@article{Waternaux:1989vs,
	author = {Waternaux, C and Laird, NM and Ware, JH},
	title = {Methods for analysis of longitudinal data: blood-lead concentrations and cognitive development},
	journal = {Journal of the American Statistical Association},
	year = {1989},
	volume = {84},
	number = {405},
	pages = {33--41}}
	
@article{Wilk:1968,
   jstor_articletype = {research-article},
   title = {Probability Plotting Methods for the Analysis of Data},
   author = {Wilk, M. B. and Gnanadesikan, R.},
   journal = {Biometrika},
   volume = {55},
   number = {1},
   pages = {1--17},
   year = {1968},
   publisher = {Biometrika Trust}
}


@article{Zewotir:2008gf,
	author = {Zewotir, T},
	title = {Multiple Cases Deletion Diagnostics for Linear Mixed Models},
	journal = {Communications in Statistics - Theory and Methods},
	year = {2008},
	volume = {37},
	number = {7},
	pages = {1071--1084}}

@article{Zhang:2001wo,
	author = {Zhang, Daowen and Davidian, Marie},
	title = {Linear Mixed Models with Flexible Distributions of Random Effects for Longitudinal Data},
	journal = {Biometrics},
	year = {2001},
	volume = {57},
	number = {3},
	pages = {795--802}}